<?xml version="1.0" encoding="UTF-8"?><collection xmlns="http://www.loc.gov/MARC21/slim"><record><leader>00449nam--2200157-i-4500</leader><controlfield tag="001">000009468</controlfield><controlfield tag="002">20161230</controlfield><controlfield tag="005">20161230201028</controlfield><controlfield tag="008">060222s1000------------r-----000-0-eng-d</controlfield><datafield ind1=" " ind2=" " tag="100"><subfield code="a">Carvallo, Michel</subfield></datafield><datafield ind1=" " ind2=" " tag="245"><subfield code="a">Principes et applications de l analyse booleenne</subfield></datafield><datafield ind1=" " ind2=" " tag="260"><subfield code="a">Paris, Gauthier-villars, 1970</subfield></datafield><datafield ind1=" " ind2=" " tag="300"><subfield code="a">152 p</subfield></datafield><datafield ind1=" " ind2=" " tag="490"><subfield code="a">Collection De Mathematiques Economiques Fascicule Ii</subfield></datafield><datafield ind1=" " ind2=" " tag="852"><subfield code="a">33890</subfield><subfield code="c">512</subfield></datafield><datafield ind1=" " ind2=" " tag="CAT"><subfield code="a">Sys</subfield><subfield code="c">20080508</subfield><subfield code="h">144037</subfield></datafield></record></collection>